<record xmlns="http://www.loc.gov/MARC21/slim">
   <leader>01169cam a2200301 a 4500</leader>
   <controlfield tag="001">1299654</controlfield>
   <controlfield tag="008">900713s1985    enk     b       1 0 eng f</controlfield>
   <datafield ind1=" " ind2=" " tag="035">
      <subfield code="a">ocm13814722</subfield>
   </datafield>
   <datafield ind1=" " ind2=" " tag="040">
      <subfield code="b">eng</subfield>
   </datafield>
   <datafield ind1=" " ind2=" " tag="045">
      <subfield code="a">x7x8</subfield>
   </datafield>
   <datafield ind1=" " ind2=" " tag="049">
      <subfield code="a">AEU</subfield>
      <subfield code="b">eng</subfield>
   </datafield>
   <datafield ind1=" " ind2="4" tag="050">
      <subfield code="a">Z5301.</subfield>
      <subfield code="b">B42 1985</subfield>
   </datafield>
   <datafield ind1="0" ind2=" " tag="090">
      <subfield code="a">CT 205 Z9 B582</subfield>
   </datafield>
   <datafield ind1="0" ind2="0" tag="245">
      <subfield code="a">Bibliography of biography, 1970-1984</subfield>
      <subfield code="h">[microform] /</subfield>
      <subfield code="c">BL.</subfield>
   </datafield>
   <datafield ind1=" " ind2=" " tag="260">
      <subfield code="a">[London :</subfield>
      <subfield code="b">British Library, Bibliographic Services Division,</subfield>
      <subfield code="c">c1985].</subfield>
   </datafield>
   <datafield ind1=" " ind2=" " tag="300">
      <subfield code="a">22, 22 microfiches :</subfield>
      <subfield code="b">negative ;</subfield>
      <subfield code="c">11 x 15 cm., in binder 32 cm.</subfield>
   </datafield>
   <datafield ind1=" " ind2=" " tag="336">
      <subfield code="a">text</subfield>
      <subfield code="b">txt</subfield>
      <subfield code="2">rdacontent</subfield>
   </datafield>
   <datafield ind1=" " ind2=" " tag="337">
      <subfield code="a">microform</subfield>
      <subfield code="b">h</subfield>
      <subfield code="2">rdamedia</subfield>
   </datafield>
   <datafield ind1=" " ind2=" " tag="338">
      <subfield code="a">volume</subfield>
      <subfield code="b">nc</subfield>
      <subfield code="2">rdacarrier</subfield>
   </datafield>
   <datafield ind1=" " ind2=" " tag="500">
      <subfield code="a">On each frame: BLAISE [i.e., British Library Automated Information Service] COM Service.</subfield>
   </datafield>
   <datafield ind1=" " ind2=" " tag="500">
      <subfield code="a">Each microfiche includes index.</subfield>
   </datafield>
   <datafield ind1=" " ind2=" " tag="500">
      <subfield code="a">Title from header.</subfield>
   </datafield>
   <datafield ind1="0" ind2=" " tag="505">
      <subfield code="a">Name sequence -- Author/Title index.</subfield>
   </datafield>
   <datafield ind1=" " ind2=" " tag="596">
      <subfield code="a">38</subfield>
   </datafield>
   <datafield ind1=" " ind2="0" tag="650">
      <subfield code="a">Biography</subfield>
      <subfield code="v">Bibliography.</subfield>
   </datafield>
   <datafield ind1="2" ind2=" " tag="710">
      <subfield code="a">British Library.</subfield>
      <subfield code="b">Bibliographic Services Division.</subfield>
   </datafield>
   <datafield ind1="2" ind2=" " tag="710">
      <subfield code="a">British Library Automated Information Service.</subfield>
   </datafield>
   <datafield ind1=" " ind2=" " tag="926">
      <subfield code="a">CT 205 Z9 B582</subfield>
      <subfield code="w">LC</subfield>
      <subfield code="c">1</subfield>
      <subfield code="i">0162022490559</subfield>
      <subfield code="l">ON_SHELF</subfield>
      <subfield code="m">UABARD</subfield>
      <subfield code="p">$150.00</subfield>
      <subfield code="r">Y</subfield>
      <subfield code="s">Y</subfield>
      <subfield code="t">MICROFORM</subfield>
      <subfield code="u">7/18/1990</subfield>
      <subfield code="o">.STAFF. C0007300</subfield>
   </datafield>
</record>
